
@article{__2021,
	title = {共同富裕指数模型的构建},
	number = {19},
	journal = {新华文摘},
	author = {陈丽君 and 郁建兴 and 徐铱娜},
	year = {2021},
	pages = {7},
}

@article{__2014,
	title = {苏南共同富裕的示范及其推进策略},
	number = {6},
	journal = {江海学刊},
	author = {范从来 and 巩师恩},
	year = {2014},
	pages = {7},
}

@article{__2021-1,
	title = {新时代共同富裕的理论内涵和观察指标},
	number = {30},
	journal = {国家治理},
	author = {葛道顺},
	year = {2021},
	pages = {4},
}

@article{_2035_2022,
	title = {2035中国：迈向共同富裕},
	volume = {22},
	issn = {1671-0398},
	abstract = {党的十九届五中全会提出,"到二〇三五年基本实现社会主义现代化远景目标,全体人民共同富裕取得更为明显的实质性进展。"聚焦于共同富裕的理论和实践问题,基于马克思主义政治经济学理论,全面阐述共同富裕的深刻内涵、实现目标与途径,以及设计指标体系与评估方法。展望中国未来15年发展,对"十四五"至2035年共同富裕发展相关的经济社会目标作出中长期预测;探讨新时代中国实现共同富裕面临的机遇和挑战、总体目标与发展目标、政策建议及世界意义;提出分步骤、分阶段实现共同富裕的战略路径、重大任务、关键措施;以期解决缩小地区、城乡、收入三大差距等问题,实现基本公共服务均等化目标,为人类破解贫富差距提供中国经验。},
	number = {01},
	journal = {北京工业大学学报(社会科学版)},
	author = {胡鞍钢 and 周绍杰},
	year = {2022},
	keywords = {世界意义, 共同富裕, 小康社会, 新时代中国特色社会主义思想, 社会主义现代化强国, 社会公平正义, 高质量发展},
	pages = {1--22},
}

@article{__2012,
	title = {对统计综合评价中几个问题的认识与探讨},
	volume = {29},
	issn = {1002-4565},
	doi = {10.19343/j.cnki.11-1302/c.2012.01.005},
	abstract = {综合评价在国民经济和社会发展的各个领域得到了广泛的应用,但其在理论与实践中仍存在诸多问题,本文针对综合评价领域的几个相关问题进行评述与探讨。},
	number = {01},
	journal = {统计研究},
	author = {胡永宏},
	year = {2012},
	keywords = {合成, 指标, 无量纲化, 权重, 综合评价},
	pages = {26--30},
}

@article{__2021-2,
	title = {共同富裕的目标和实现路径选择},
	volume = {56},
	issn = {0577-9154},
	abstract = {中国进入一个新发展阶段,共同富裕不仅是新发展阶段的一个愿景,而且被确立为一个远景目标。党的十九届六中全会再次强调推进共同富裕的重大意义,提出"全面深化改革开放,促进共同富裕"。本文首先阐述共同富裕的内涵和目标。共同富裕是全体人民的富裕,但不是经济上的平均主义,推进共同富裕不能采取激进的分配方式。共同富裕的长期目标是,到本世纪中叶把我国建成社会主义现代化强国,全体人民共同富裕基本实现。本文进一步考察了中国当前的发展基础,认为中国在实现共同富裕进程中面临发展水平不高、收入和财产差距过大、中等收入人群比重偏低、基本公共服务均等化程度不高等一系列挑战。为实现共同富裕,一方面需要进行深层次的改革,另一方面要加快发展速度。最后本文提出实现共同富裕的主要路径的建议,应从初次分配、再分配和三次分配方面着手,进一步缩小城乡发展差距、地区差距和收入差距。},
	number = {11},
	journal = {经济研究},
	author = {李实},
	year = {2021},
	keywords = {共同富裕, 公共服务, 收入分配},
	pages = {4--13},
}

@article{__2022,
	title = {推进收入分配制度改革 促进共同富裕实现},
	volume = {38},
	issn = {1002-5502},
	doi = {10.19744/j.cnki.11-1235/f.2022.0002},
	abstract = {共同富裕是社会主义制度的本质要求,是中国现代化的重要内容之一。实现共同富裕既是一个远景目标,也是一个长期发展过程。本文首先阐述共同富裕的内涵和根本要求,然后从收入差距,财产分配差距和公共服务等方面论述我国实现共同富裕的挑战,及其实现共同富裕的长期性、复杂性和艰巨性,提出改革收入分配制度,推进基本公共服务均等化,以提高全体人民的全面发展能力为宗旨的共同富裕实现路径。},
	number = {01},
	journal = {管理世界},
	author = {李实 and 朱梦冰},
	year = {2022},
	keywords = {共同富裕, 公共服务, 收入差距, 财产差距},
	pages = {52--61+76+62},
}

@article{__2021-3,
	title = {共同富裕的内涵,实现路径与测度方法},
	journal = {管理世界},
	author = {刘培林 and 钱滔 and 黄先海 and 董雪兵},
	year = {2021},
}

@article{_20132018_2021,
	title = {中国居民收入差距变动分析(2013—2018)},
	issn = {1002-4921},
	abstract = {改革开放以来,我国居民收入差距总体呈扩大趋势,但学界对近10年的中国收入差距变化状况存在不同看法。通过分析中国居民收入分配课题组(CHIP)2013年和2018年住户调查数据发现,这一时期导致收入差距缩小与扩大的因素相互抵消,收入差距总体呈高位徘徊的相对稳定状态。城乡收入差距缩小,以及工资收入、养老金收入、自有住房估算租金和转移性收入的变化,有助于缩小收入差距;而流动人口收入分布、非农经营收入和财产收入的变化,导致收入差距扩大。},
	number = {01},
	journal = {中国社会科学},
	author = {罗楚亮 and 李实 and 岳希明},
	year = {2021},
	keywords = {收入差距, 城乡差距, 流动人口, 集中率, 高位徘徊},
	pages = {33--54+204--205},
}

@article{__2014-1,
	title = {我国共同富裕的内涵,特征及评价指标初探},
	number = {1},
	journal = {全球化},
	author = {宋群},
	year = {2014},
	pages = {13},
}

@article{_2020_2019,
	title = {中国扶贫战略与2020年后相对贫困线划定——基于理论、政策和数据的分析},
	issn = {1002-8870},
	abstract = {中国在2020年将基本消除绝对贫困,之后,贫困问题由绝对贫困转向相对贫困。由于中国相对贫困现象较为突出,并与绝对贫困存在交叉,这使得以基尼系数为基础的相对贫困测度失真。本文首先通过回顾中国的贫困线调整和扶贫政策演变,分析贫困类型的转变;然后对城乡二元结构未打破背景下的农村相对贫困规模进行测算,提出基尼系数区域化的设想;最后对城乡统筹下的相对贫困线设定进行现实考量,并给出设计方案。即:中国2020年之后的相对贫困线设定应采取两区域、两阶段方法——非沿海地区实施绝对贫困线相对化、沿海地区实施基于居民可支配收入的相对贫困线,并每5年上调一次;2035年中国进入城镇化后期,相对贫困标准整体进入以全民可支配收入为识别基础的阶段。未来贫困治理仍需要在工作培训、区域转型、多维和精准识别上不断提升。},
	number = {10},
	journal = {中国农村经济},
	author = {孙久文 and 夏添},
	year = {2019},
	keywords = {人力资源培育, 潜在贫困人口, 相对贫困线, 贫困类型转变},
	pages = {98--113},
}

@article{__2021-4,
	title = {共同富裕的理论内涵与量化方法},
	volume = {42},
	issn = {1002-8102},
	doi = {10.19795/j.cnki.cn11-1166/f.20211207.001},
	abstract = {全面理解共同富裕内涵、构建共同富裕量化方法具有重要意义。本文从公平与效率、发展与共享的理论框架出发,结合对中国特色共同富裕的理解,从国民总体富裕和全体居民共享富裕的结果角度,构建具有中国特色且能广泛比较的共同富裕量化方法,讨论量化函数的技术假定和数理表达,分析指标维度、函数关系式、变量标准化等带来的结构性影响,检验单调性、一致性和同质性等公理化准则,由此为扎实推动共同富裕提供参考。研究表明,研制的共同富裕量化方法在权重、门槛、指标设定等方面都具有较好稳定性。本文基于手工收集的162个国家或地区1990—2020年数据,发现我国共同富裕程度取得很大进步,体现了社会主义推动共同富裕的制度优越性。},
	number = {12},
	journal = {财贸经济},
	author = {万海远 and 陈基平},
	year = {2021},
	keywords = {共同富裕, 人均国民收入, 人类发展指数, 基尼系数, 量化方法},
	pages = {18--33},
}

@article{__2018,
	title = {多维框架下的中国不平等测度及分解},
	volume = {35},
	issn = {1002-4565},
	doi = {10.19343/j.cnki.11-1302/c.2018.02.005},
	abstract = {新时期我国不平等问题表现出新的特征,传统的单一维度的不平等已经无法反映现今不平等问题的多维性特点。本文将量化不平等的视角从一维拓展到多维,基于单维不平等合成多维不平等等三种方法测度了收入、教育和医疗多维不平等程度,同时还对多维不平等指数进行了分解。测算结果显示,2010—2014年,我国社会整体的多维不平等程度有所提高,收入不平等依旧是贡献程度最大的单维不平等。本文得到的一个重要政策启示是认识和解决不平等问题必须注重单一维度和多维相结合;收入差距缩小并不代表多维不平等的同步改善,应对民生领域,特别是教育、医疗领域制定有针对性的政策,进一步缩小差异,以避免多维不平等程度的加深。},
	number = {02},
	journal = {统计研究},
	author = {王曦璟 and 高艳云},
	year = {2018},
	keywords = {医疗不平等, 多维不平等, 收入不平等, 教育不平等},
	pages = {53--65},
}

@article{__2010,
	title = {技术进步、教育收益与收入不平等},
	volume = {45},
	issn = {0577-9154},
	abstract = {本文建立了一个基于技能偏向型技术进步的一般均衡模型,表明教育回报率的变化是引起我国劳动者收入不平等扩大的重要原因。基于该模型的进一步推导分解出了教育的要素回报效应与要素结构效应,前者拉大了收入不平等,后者降低了收入不平等,但总效应仍然是收入不平等的扩大。利用基于RIF回归的分解方法,本文验证了上述理论预测与实际数据的高度一致性。},
	number = {09},
	journal = {经济研究},
	author = {徐舒},
	year = {2010},
	keywords = {收入不平等, RIF回归分解, 技能偏向型技术进步},
	pages = {79--92+108},
}

@article{__2021-5,
	title = {中国经济高质量发展的逻辑, 测度与治理},
	journal = {经济研究},
	author = {杨耀武 and 张平},
	year = {2021},
	file = {杨耀武_张平_2021_中国经济高质量发展的逻辑, 测度与治理.pdf:C\:\\Users\\Administrator\\Zotero\\storage\\66VE7HP9\\杨耀武_张平_2021_中国经济高质量发展的逻辑, 测度与治理.pdf:application/pdf},
}

@article{__2021-6,
	title = {共同富裕:演进历程,阶段目标与评价体系},
	number = {5},
	journal = {江海学刊},
	author = {杨宜勇 and 王明姬},
	year = {2021},
	pages = {6},
}

@article{__2006,
	title = {多指标综合评价中赋权方法评析},
	issn = {1002-6487},
	number = {13},
	journal = {统计与决策},
	author = {杨宇},
	year = {2006},
	keywords = {主成分分析法, 主观偏好, 主观赋权法, 判断矩阵, 原始数据矩阵, 变异程度, 变异系数法, 复相关系数, 多指标综合评价, 多目标优化法, 客观赋权法, 归一化处理, 权数分配, 权系数, 熵值法, 特征根, 相关系数矩阵, 综合评价值},
	pages = {17--19},
}

@article{__2021-7,
	title = {普惠金融促进共同富裕：理论、测度与实证},
	volume = {36},
	issn = {1674-1625},
	abstract = {基于中国2010—2019年的省级数据,利用耦合协调度模型测度共同富裕程度,研究普惠金融影响共同富裕的作用机制与数量关系,结果表明,普惠金融与共同富裕显著正相关,普惠金融通过包容增长、创新效应、创业效应等,有利于降低收入不平等、提升收入水平,促进收入子系统与平等子系统协调统一,进而促进共同富裕的实现;区域异质性分析发现,促进共同富裕的主要贡献来源于东部地区的收入提升效应,收入不平等改善相对有限。建议强化普惠金融协调收入提升与不平等改善的能力,拓展普惠金融内涵,加快普惠金融发展。},
	number = {05},
	journal = {金融经济学研究},
	author = {邹克 and 倪青山},
	year = {2021},
	keywords = {共同富裕, 收入不平等, 普惠金融, 耦合协调度模型},
	pages = {48--62},
}

@article{alkire_2010_2014,
	title = {2010): "{Designing} the {Inequality}-{Adjusted} {Human} {Development} {Index} ({HDI}},
	author = {Alkire, S. and Foster, J. and Programme, D. and Alkire, S. and Foster, J. and Programme, D. and Alkire, S. and Foster, J.},
	year = {2014},
}

@book{alvaredo_world_2018,
	title = {The {World} {Inequality} {Report}},
	isbn = {0-674-98476-5},
	publisher = {Harvard University Press},
	author = {Alvaredo, Facundo},
	year = {2018},
}

@article{banerjee_multidimensional_2010,
	title = {A multidimensional {Gini} index},
	volume = {60},
	issn = {0165-4896},
	number = {2},
	journal = {Mathematical Social Sciences},
	author = {Banerjee, Asis Kumar},
	year = {2010},
	pages = {87--93},
}

@article{decancq_inequality_2012,
	title = {Inequality of wellbeing: {A} multidimensional approach},
	volume = {79},
	issn = {0013-0427},
	number = {316},
	journal = {Economica},
	author = {Decancq, Koen and Lugo, Maria Ana},
	year = {2012},
	pages = {721--746},
}

@article{gajdos_multidimensional_2005,
	title = {Multidimensional generalized {Gini} indices},
	volume = {26},
	issn = {0938-2259},
	number = {3},
	journal = {Economic Theory},
	author = {Gajdos, Thibault and Weymark, John A.},
	year = {2005},
	pages = {471--496},
}

@book{goldin_race_2010,
	title = {The race between education and technology},
	isbn = {0-674-03773-1},
	publisher = {harvard university press},
	author = {Goldin, Claudia and Katz, Lawrence F.},
	year = {2010},
}

@article{goos_explaining_2014,
	title = {Explaining job polarization: {Routine}-biased technological change and offshoring},
	volume = {104},
	issn = {0002-8282},
	number = {8},
	journal = {American economic review},
	author = {Goos, Maarten and Manning, Alan and Salomons, Anna},
	year = {2014},
	pages = {2509--26},
}

@article{kolm_multidimensional_1977,
	title = {Multidimensional egalitarianisms},
	issn = {0033-5533},
	journal = {The Quarterly Journal of Economics},
	author = {Kolm, Serge-Christophe},
	year = {1977},
	pages = {1--13},
}

@article{maasoumi_measurement_1986,
	title = {The measurement and decomposition of multi-dimensional inequality},
	issn = {0012-9682},
	journal = {Econometrica: Journal of the Econometric Society},
	author = {Maasoumi, Esfandiar},
	year = {1986},
	pages = {991--997},
}

@phdthesis{stockhausen_striving_2017,
	title = {Striving for {Equal} {Opportunities}: {Essays} on the {Distribution} and {Transmission} of {Economic} {Resources}},
	author = {Stockhausen, Maximilian},
	year = {2017},
}

@article{tsui_multidimensional_1995,
	title = {Multidimensional generalizations of the relative and absolute inequality indices: the {Atkinson}-{Kolm}-{Sen} approach},
	volume = {67},
	issn = {0022-0531},
	number = {1},
	journal = {Journal of Economic Theory},
	author = {Tsui, Kai-Yuen},
	year = {1995},
	pages = {251--265},
}

@article{tsui_multidimensional_1999,
	title = {Multidimensional inequality and multidimensional generalized entropy measures: {An} axiomatic derivation},
	volume = {16},
	issn = {1432-217X},
	number = {1},
	journal = {Social Choice and Welfare},
	author = {Tsui, Kai-yuen},
	year = {1999},
	pages = {145--157},
}
